@article{kronigPenneyModel, title={Quantum Mechanics of Electrons in Crystal Lattices}, author={
R. de L. Kronig and W. G. Penney}, journal={Proceedings of the royal society A, mathematical, physical, engineering sciences}, year={1931}}

@incollection{finiteDifferenceMethod,
  author      = "Peter Olver",
  title       = "Introduction to Partial Differential Equations",
  publisher   = "Springer",
  year        = 2013,
  chapter     = 5,
}

@incollection{BlochTheorem,
  author      = "Charles Kittel",
  title       = "Introduction to solid state physics 8th edition",
  publisher   = "John Wiley \& Sons, Inc",
  year        = 2005,
  pages       = "167-168",
  chapter     = 7,
}

@article{summerPaper, title={Localization of Eigenstates and Transport Phenomena in the One-Dimensional Disordered System}, author={
Kazushige ISHII}, journal={Supplement of the Progress of Theoretical Physics, No.53}, year={1973}}

@misc{Machine_learning, title={Datasets and machine learning}, note="\url{https://deeplearning4j.org/data-sets-ml}",
author = {{Gibson},A and {Nicholson},C},
}


@misc{FloatingPrecision, title={Floating Point Arithmetic: Issues and Limitations}, note="\url{https://docs.python.org/3/tutorial/floatingpoint.html#floating-point-arithmetic-issues-and-limitations}", journal={Python Documentation}}

@incollection{BoundaryCondition,
  author      = "Ashcroft, Neil W.; Mermin, N. David",
  title       = "Solid state phys",
  publisher   = "New York, Holt, Rinehart and Winston.",
  year        = 1976,
  pages       = "135",
}
